2376 3648
1049 224 254 104 Index.

1677 336 183 77 Pſalmus

442 399 893 83 1. Der Herr ſprach zu meinem Herren. 110. Capella à 5.

442 469 679 72 2. Warumb toben die Heyden. 2. Capella ab 8.

442 534 1053 88 3. Ach Herr ſtraff mich nicht in deinem Zorn. 6.

442 604 854 71 4. Aus der tieffe ruff ich Herr zu dir. 130.

442 665 911 74 5. Ich frew mich des das mir geredt iſt. 122. Capella ab 8.

443 734 1150 79 6. Herr vnſer Herrſcher wie herrlich iſt dein Nam. 8. Capella à 5.

444 799 929 85 7. Wol dem der nicht wandelt im Rath. 1.

446 866 861 76 8. Wie lieblich ſind deine Wohnunge. 84.

448 932 825 73 9. Wol dem der den Herren fuͤrchtet. 128.

448 997 1092 81 10. Ich hebe meine Augen auff zu den Bergen. 121.

451 1066 1057 80 11. Dancket dem Herren denn er iſt freundlich. 136. Capella ab 8.

453 1130 600 71 12. Der Herr iſt mein Hirt. 23.

453 1198 1052 85 13. Ich dancke dem Herrn von gantzem hertzen. 111. Capella ab 8.

452 1264 869 73 14. Singet dem Herrn ein newes Lied. 98.

457 1331 1006 73 15. Jauchtzet dem Herren alle Welt. Eccho. 100.

453 1397 934 76 16. An den Waſſern zu Babel ſaſſen wir. 137.

453 1461 1207 85 17. Alleluja. Lobet den Herrn in ſeinem Heiligthumb. 150. Capella ab 8.

452 1530 1202 77 18. Lobe den Herren meine Seele. Concert ab 8. in die

819 1601 417 69 Orgel zu ſingen.

455 1662 1282 79 19. Iſt nicht Ephraim mein thewrer Sohn. Moteto ab 8. Capella ab 8.

457 1733 1277 74 20. Nun lob mein Seel den Herren. Imitation des Chorals Capella ab 10.

946 1804 292 60 Canzon ab 8.

456 1860 979 76 21. Die mit Thraͤnen Saͤen. Moteto à 10.

456 1928 1375 87 22. Nicht vns Herr nicht vns / ſondern. Pſalmus 115. à. 12.

456 1995 1330 90 23. Wol dem der den Herren fuͤrchtet. Pſalmus 128. à 14. Capella Se=

1947 2099 218 53 cunda à 4.

464 2129 1269 79 24. Dancket dem Herren. Pſalmus 136. Mit Tromme⸗ Capella Se=

943 2201 260 65 ten à 13. cunda à 4.

464 2260 1327 83 25. Zion ſpricht / der Herr hat mich verlaſſen. Concert à 12. Capella ab 8.

464 2328 1327 81 26. Jauchtzet dem Herren. Concert à 12. Mit einem Ripieno. Capella à 5.

595 2393 1181 88 des 117. Pſalms: Lobet den Herrn alle Heyden.

931 2528 464 82 FINIS.
