2376 3648
995 232 264 99 Index.

1636 349 189 56 Pſalmus

380 402 904 80 1. Der Herr ſprach zu meinem Herren. 110. Capella à 5.

380 476 687 70 2. Warumb toben die Heyden. 2. Capella ab 8.

380 540 1064 83 3. Ach Herr ſtraff mich nicht in deinem Zorn. 6.

380 609 864 73 4. Aus der tieffe ruff ich Herr zu dir. 130.

380 673 921 74 5. Ich frew mich des das mir geredt iſt. 122. Capella ab 8.

380 742 1164 70 6. Herr vnſer Herrſcher wie herrlich iſt dein Nam. 8. Capella à 5.

380 807 940 77 7. Wol dem der nicht wandelt im Rath. 1.

380 873 869 74 8. Wie lieblich ſind deine Wohnunge. 84.

380 941 837 67 9. Wol dem der den Herren fuͤrchtet. 128.

380 1006 1107 75 10. Ich hebe meine Augen auff zu den Bergen. 121.

380 1074 1072 74 11. Dancket dem Herren denn er iſt freundlich. 136. Capella ab 8.

380 1141 607 72 12. Der Herr iſt mein Hirt. 23.

380 1207 1076 75 13. Ich dancke dem Herrn von gantzem hertzen. 111. Capella ab 8.

382 1276 879 70 14. Singet dem Herrn ein newes Lied. 98.

381 1407 943 74 16. An den Waſſern zu Babel ſaſſen wir. 137.

383 1670 1305 78 19. Iſt nicht Ephraim mein thewrer Sohn. Moteto ab 8. Capella ab 8.

384 1739 1297 76 20. Nun lob mein Seel den Herren. Imitation des Chorals Capella ab 10.

881 1812 301 64 Canzon ab 8.

383 1869 988 78 21. Die mit Thraͤnen Saͤen. Moteto à 10.

385 1931 1398 83 22. Nicht vns Herr nicht vns / ſondern. Pſalmus 115. à 12.

386 2006 1344 79 23. Wol dem der den Herren fuͤrchtet. Pſalmus 128. à 14. Capella Se=

382 1473 1234 74 17. Alleluja. Lobet den [Her]rn in ſeinem Heiligthumb. 150. Capella ab 8.

383 1540 1219 78 18. Lobe den Herren me[ine] Seele. Concert ab 8. in die

751 1607 422 71 Orge[l zu] ſingen.

380 1340 1027 71 15. Jauchtzet dem Herren alle Welt. Eccho. 100.

1902 2088 215 63 cunda à 4.

394 2137 1289 84 24. Dancket dem Herren. Pſalmus 136. Mit Tromme⸗ Capella Se=

891 2210 252 63 ten à 13. cunda à 4.

394 2269 1349 80 25. Zion ſpricht / der Herr hat mich verlaſſen. Concert à 12. Capella ab 8.

394 2339 1349 83 26. Jauchtzet dem Herren. Concert à 12. Mit einem Ripieno Capella à 5.

527 2405 1205 82 des 117. Pſalms: Lobet den Herrn alle Heyden.

867 2537 469 89 FINIS.
