2376 3648
445 2118 1265 104 24. Dancket dem Herren. Pſalmus 136. Mit Tromme⸗

936 2203 245 59 ten à 13.

445 2244 1327 115 25. Zion ſpricht / der Herr hat mich verlaſſen. Concert à 12. Capella ab 8.

445 2311 1327 120 26. Jauchtzet dem Herren. Concert à 12. Mit einem Ripieno. Capella à 5.

583 2378 1178 102 des 117. Pſalms: Lobet den Herrn alle Heyden.

382 401 890 84 1. Der Herr ſprach zu meinem Herren. 110. Capella à 5.

382 473 675 78 2. Warumb toben die Heyden. 2. Capella ab 8.

382 525 1050 96 3. Ach Herr ſtraff mich nicht in deinem Zorn. 6.

382 604 855 82 4. Aus der tieffe ruff ich Herr zu dir. 130.

387 663 906 97 5. Ich frew mich des das mir geredt iſt. 122. Capella ab 8.

388 724 1148 95 6. Herr vnſer Herrſcher wie herrlich iſt dein Nam. 8. Capella à 5.

393 795 920 90 7. Wol dem der nicht wandelt im Rath. 1.

395 866 853 87 8. Wie lieblich ſind deine Wohnunge. 84.

398 932 828 88 9. Wol dem der den Herren fuͤrchtet. 128.

400 992 1086 101 10. Ich hebe meine Augen auff zu den Bergen. 121.

402 1061 1056 92 11. Dancket dem Herren denn er iſt freundlich. 136. Capella ab 8.

404 1139 596 81 12. Der Herr iſt mein Hirt. 23.

409 1191 1053 99 13. Ich dancke dem Herrn von gantzem hertzen. 111. Capella ab 8.

409 1265 863 89 14. Singet dem Herrn ein newes Lied. 98.

410 1322 1000 102 15. Jauchtzet dem Herren alle Welt. Eccho. 100.

412 1394 931 92 16. An den Waſſern zu Babel ſaſſen wir. 137.

416 1448 1208 105 17. Alleluja. Lobet den Herrn in ſeinem Heiligthumb. 150. Capella ab 8.

419 1511 1199 109 18. Lobe den Herren meine Seele. Concert ab 8. in die

778 1599 416 77 Orgel zu ſingen.

420 1649 1282 108 19. Iſt nicht Ephraim mein thewrer Sohn. Moteto ab 8. Capella ab 8.

423 1711 1280 110 20. Nun lob mein Seel den Herren. Imitation des Chorals Capella ab 10.

929 1798 297 65 Canzon ab 8.

427 1860 974 94 21. Die mit Thraͤnen Saͤen. Moteto à 10.

429 1916 1374 105 22. Nicht vns Herr nicht vns / ſondern. Pſalmus 115. à. 12.

433 1985 1329 103 23. Wol dem der den Herren fuͤrchtet. Pſalmus 128. à 14. Capella Se=

987 215 258 102 Index.

923 2522 458 88 FINIS.

1610 307 198 72 Pſalmus

1909 2043 228 71 cunda à 4.
