2376 3648
402 634 1332 135 Allen der Muſic erfahrnen mei⸗

659 764 782 87 nen Gruß vnd Dienſt zuvor.

622 910 1279 100 OB ich es wol faſt fuͤr vnnoͤthig erachtet /

629 999 1272 67 von Anſtellung dieſer meiner Pſalmen vnd mehrer Com-

629 1059 1272 65 poſition / etwas zu ſchreiben / dieweil verſtaͤndigen Capell⸗

629 1115 1272 64 meiſtern / nach Gelegenheit einer jeden Capell vnd Qualite⸗

626 1173 1275 68 ten der Perſonen / dieſelben anzuordnen / frey ſtehet / Jedoch

624 1231 1277 66 damit auch denen / welche hierumb deß Authoris Meinung

246 1288 1655 68 zu wiſſen verlangen haben / ein Genuͤge geſchehen moͤge / als habe ich folgende

246 1345 1655 71 wenig Paſs, darauff man fuͤrnemblich achtung zu geben / hierbey erinnern

246 1409 171 55 wollen.

300 1457 1608 70 1. Muͤſſen die Cori Fauoriti von den Capellen wol vnterſchieden werden.

256 1518 1654 65 Cori Fauoriti werden von mir die jenigen Chor vnd Stimmen genennet / wel⸗

256 1575 1650 66 che der Capellmeiſter an meiſten fauoriſiren / vnd auffs beſte vnd lieblichſte an⸗

256 1633 1657 66 ſtellen ſoll / da hingegen die Capellen zum ſtarcken Gethoͤn / vnnd zur Pracht

256 1693 1655 65 eingefuͤhret werden. Derowegen dann der Organiſt dieſe terminos, wie ſie im

256 1749 1658 70 Baſſo continouo zu finden / in acht nemen / vnd die Orgel mit guter diſcretion,

258 1803 825 66 bald ſtill / bald ſtarck regiſteriren wolle.

305 1863 1611 67 2. In diſpoſition vnd Anordnung der Capellen ſo zwey Choͤricht / kan man

260 1920 1660 68 in acht nemen / daß die Chor creutzweiß geſtellet werden / vnd daß Capella 1. dem

261 1980 1660 72 andern Coro Fauorito, vnd hingegen Capella ꝛ. dem erſten / etc. am nechſten ſey /

265 2037 1225 61 ſo werden die Capellen den gewuͤndſchten effect erreichen.

270 2094 1645 67 3. Pſalm. Ich hebe meine Augen auff. Pſalm. Der HErr iſt mein Hirt.

261 2150 1660 67 Concert. Lobe den HErren meine Seele. (hierzu kan auch: Nun lob mein Seel

263 2206 1659 66 den HErren. Canzon gerechnet werden / wann man die Inſtrumental Capellen

265 2264 1657 66 außlaſſen / vnd nur mit 8. beſtimmen wil.) In obgeſetzten wird Coro ſecondo

265 2323 1659 65 fuͤr eine Capell gebraucht / vnd dahero ſtarck beſtimmet / weil aber Coro 1. wel⸗

266 2382 1660 67 ches iſt Coro Fauorito hingegen ſchwach / vnd nur von vier Saͤngern iſt / als ſte⸗

265 2439 1659 64 het einem jeden frey / ob er auß gemeltem Coro 1. nach dem ſtrichlein / wo Ca-

263 2497 1662 67 pella ſtehet / abcopiren / vnnd alſo eine andere Capell abſonderlich anſtellen

266 2553 1472 67 wolle / ſo wird ſich alsdann eine beſſere Proportion der Chor ereignen.

321 2611 1608 72 4. Die Capellen, ſo mit hohen Stimmen geſetzet / ſeynd meiſtentheils auff

265 2668 1662 71 Zincken vnd andere Inſtrument gerichtet / Jedoch wann man auch Saͤnger da⸗

269 2727 1659 70 bey haben kan / iſt ſo viel deſto beſſer / vnnd auff dieſem fall mag man auß dem

271 2785 1658 73 tieffen Baſs ſtimmen mit dem F auff der fuͤnfften Lini / welche fuͤr den groſſen

272 2844 1655 65 Violon, Quartpoſaun, Fagott bequemet ſind / andere Baͤſſe mit rechten Ambitu

271 2898 1417 68 vor die Baſſiſten / vnd mit dem F auff die vierdte Lini abſchreiben.

286 2960 1644 67 5. Wo dergleichen Inſtrumental Capellen mit hohen Clavibus gefunden

270 3016 1661 71 werden / iſt leichtlich zu ermeſſen / daß hingegen die Cori fauoriti mit Saͤngern

272 3076 1659 66 beſtimmet werden muͤſſen / wie dann meiſtes theils in dieſem gantzen opere, biß

272 3133 1659 64 auff die Moteten, Concert &c. gemelte Chor zum ſingen gemeinet. Wiewol

266 3191 1665 66 auch etliche der Pſalmen / als nemlichen: . HErr vnſer Herrſcher. 2. Wol dem

260 3249 1671 73 der nicht wandelt. 3. Wie lieblich. 4. Wol dem der den HErren fuͤrchtet / ſich

1817 3314 114 62 nicht
