2376 3648
654 2760 654 98 Ewr Churfuͤrſtl. Gn.

1553 3044 556 110 Henrich Schuͤtz.

1078 2895 882 72 Vnterthaͤnigſter Gehorſambſter Diener

1245 2959 277 65 weil ich lebe.

317 364 1825 92 men: Als hab ich zugleich bey mir beſchloſſen / ſolche E. Churf. G.vn⸗

315 444 1827 89 terthaͤnigſt zu dediciren, vnd hierdurch nicht allein meine vnterth[aͤ⸗]

310 520 1832 94 nigſte affection ſo wol die hohe Begierde / zum wenigſten ein Fuͤnck⸗

308 603 1833 90 lein meiner ſchuͤldigen gehorſambſten danckbarkeit (weil ein meh⸗

308 679 1834 87 rers zu thun mein vnvermoͤgen mir noch zur zeit nicht zuleſſet / wie

307 756 1835 92 gut auch ſonſt der Wille ſich hierzu bey mir befindet) ſcheinen zu laſ⸗

310 836 1832 89 ſen / ſondern auch den Gebrauch / der bey publication dergleichen ſa⸗

303 920 1094 85 chen vblich gehalten wird / zu beſtercken.

422 992 1712 91 Vnd ob ich zwar die imperfection vnnd Geringfuͤgigkeit dieſes

301 1069 1838 89 meines operis gern erkenne / auch doher E. Churfuͤrſtl. Gn. hohen

297 1152 1839 88 Churfuͤrſtlichen Perſon es gantz vnwuͤrdig achte: weil aber hohe Po⸗

296 1229 1836 85 tentaten / vnter welchen dieſelbe der fuͤrnemſten Stellen eine billich

290 1308 1846 87 halten / dieſes gleichſam in der natur haben / daß ſie in dergleichen faͤl⸗

291 1386 1840 89 len nicht ſo auff die Anſehenligkeit deß Præſents / als vff das gemuͤth

290 1462 1844 91 deſſen / ſo es darreichet / jhr gnedigſtes auffmercken richten. So lebe

284 1542 1849 93 ich der vnterthaͤnigſten Hoffnung / E. Churfuͤrſtl. Gn. werde dieſen

283 1621 1859 88 meinen Conatum vnd die groſſ[e] Begierde / welche ſich nur etzlicher

283 1699 1850 88 maſſen vor ſo vberauß hohe empfangene Churfuͤrſtliche gnade danck⸗

283 1779 1847 89 bar zu ſeyn bey mir befindet / Ihr zum wenigſten gefallen / vnd dieſes

283 1856 1843 88 mein ſchlechtes wercklein zu dero gnedgiſten Protection, biß mit ver⸗

283 1933 1842 95 leihung Goͤttlicher Gnade hiernechſt etwas beſſers folget / recom-

284 2013 1843 91 mendiret ſeyn laſſen: Inmaſſen ich dann darumb auch gantz gehor⸗

293 2097 515 83 ſamſt bitten thue:

397 2167 1726 91 Ewr Churfuͤrſtl. G. nebenſt allen Ihren Churfuͤrſtlichen ange⸗

285 2248 1838 93 hoͤrigen / Gott dem Allmechtigen zu beſtendiger Leibsgeſundheit /

283 2325 1841 92 langwiriger gluͤcklicher Regierung / vnnd allem Churfuͤrſtlichen

283 2406 1842 83 Wolſtande / derſelben aber zu beharrlichen Gnaden mich hiermit ge⸗

283 2484 1841 87 trewlich vnnd vnterthaͤnigſt empfehlende. Datum Dreßden den

283 2558 1841 100 1. Iunii im Jahr vnſers einigen Erloͤſers vnd Seligmachers Chri⸗

283 2649 292 86 ſti 1619.

315 292 1752 81 vornehmer Leute in oͤffentlichen Druck zu geben [mir fürg]eno[m=]

410 211 1643 85 / componiret / dieſelben auch auff inſtendiges an[halten etzlicher]
