2376 3648
979 220 265 97 Index.

1610 325 210 68 Pſalmus

372 402 898 75 1. Der Herr ſprach zu meinem Herren. 110. Capella à 5.

372 471 681 68 2. Warumb toben die Heyden. 2. Capella ab 8.

372 532 1052 82 3. Ach Herr ſtraff mich nicht in deinem Zorn. 6.

372 603 853 72 4. Aus der tieffe ruff ich Herr zu dir. 130.

372 668 912 77 5. Ich frew mich des das mir geredt iſt. 122. Capella ab 8.

372 733 1154 77 6. Herr vnſer Herrſcher wie herrlich iſt dein Nam. 8. Capella à 5.

372 802 932 75 7. Wol dem der nicht wandelt im Rath. 1.

372 869 860 75 8. Wie lieblich ſind deine Wohnunge. 84.

373 935 830 72 9. Wol dem der den Herren fuͤrchtet. 128.

376 998 1096 80 10. Ich hebe meine Augen auff zu den Bergen. 121.

376 1068 1068 75 11. Dancket dem Herren denn er iſt freundlich. 136. Capella ab 8.

377 1136 600 73 12. Der Herr iſt mein Hirt. 23.

379 1198 1057 80 13. Ich dancke dem Herrn von gantzem hertzen. 111. Capella ab 8.

375 1269 870 73 14. Singet dem Herrn ein newes Lied. 98.

376 1331 1008 83 15. Jauchtzet dem Herren alle Welt. Eccho. 100.

375 1400 940 75 16. An den Waſſern zu Babel ſaſſen wir. 137.

378 1462 1214 80 17. Alleluja. Lobet den Herrn in ſeinem Heiligthumb. 150. Capella ab 8.

378 1534 1208 82 18. Lobe den Herren meine Seele. Concert ab 8. in die

741 1605 419 73 Orgel zu ſingen.

379 1663 1295 83 19. Iſt nicht Ephraim mein thewrer Sohn. Moteto ab 8. Capella ab 8.

379 1732 1288 82 20. Nun lob mein Seel den Herren. Imitation des Chorals Capella à 10.

878 1806 299 59 Canzon ab 8.

382 1864 980 81 21. Die mit Thraͤnen Saͤen. Moteto à 10.

383 1925 1381 86 22. Nicht vns Herr nicht vns / ſondern. Pſalmus 115. à. 12.

384 1993 1334 85 23. Wol dem der den Herren fuͤrchtet. Pſalmus 128. à 14. Capella Se=

1883 2063 216 63 cunda à 4.

392 2125 1274 90 24. Dancket dem Herren. Pſalmus 136. Mit Tromme⸗ Capella Se=

885 2204 249 61 ten à 13. cunda à 4.

392 2257 1331 96 25. Zion ſpricht / der Herr hat mich verlaſſen. Concert à 12. Capella ab 8.

392 2323 1331 102 26. Jauchtzet dem Herren. Concert à 12. Mit einem Ripieno. Capella à 5.

525 2390 1184 91 des 117. Pfalms: Lobet den Herrn alle Heyden.

844 2501 499 138 FINIS.
