2376 3648
931 163 264 106 Index,

1489 323 218 66 Pſalmus

269 385 906 82 1. Der HErr ſprach zu meinem HErren. 110. Capella à 5.

269 457 660 69 2. Warumb toben die Heyden. 2. Capella ab 8.

269 522 1007 87 3. Ach HErr ſtraff mich nicht in deinem Zorn. 6.

272 590 827 75 4. Auß der Tieffe ruff ich HErr zu dir. 130.

271 658 842 71 5. Ich frew mich deß das mir geredt iſt. 122. Capella ab 8.

276 726 1116 73 6. HErr vnſer Herrſcher wie herrlich iſt dein Nam. 8. Capella à 5.

274 794 872 75 7. Wol dem der nicht wandelt im Rath. 1.

272 857 812 74 8. Wie lieblich ſind deine Wohnunge. 84.

278 926 823 72 9. Wol dem der den HErren fuͤrchtet. 128.

278 992 992 74 10. Ich hebe meine Augen auff zu den Bergen. 121.

278 1060 1034 76 11. Dancket dem HErren/denn er iſt freundlich. 136. Capel. ab 8.

278 1126 591 69 12. Der HErr iſt mein Hirt. 23.

279 1193 1062 80 13. Ich dancke dem HErrn von gantzem Hertzen. 111. Capel. ab 8.

284 1262 836 69 14. Singet dem HErrn ein newes Lied. 98.

284 1328 1007 70 15. Jauchtzet dem HErren alle Welt. Eccho. 100.

282 1393 874 75 16. An den Waſſern zu Babel ſaſſen wir. 137.

284 1460 1197 81 17. Alleluja. Lobet den HErrn in ſeinem Heiligthumb. 150. Capel. ab 8.

288 1527 1181 71 18. Lobe den HErren meine Seele. Concert ab 8. in die

458 1596 398 72 Orgel zu ſingen.

286 1661 1267 73 19. Iſt nicht Ephraim mein thewrer Sohn. Moteto ab 8. Capel. ab 8.

288 1729 1309 79 20. Nun lob mein Seel den HErren. Imitation deß Chorals Capella à 10.

634 1802 330 55 Canzon ab 8.

294 1863 885 70 21. Die mit Thraͤnen ſaͤen. Moteto à 10.

292 1929 1342 76 22. Nicht,vns HErr/ nicht vns/ ſondern. Pſalmus 115. à 12.

294 1996 1340 79 23. Wol dem der den HErren fuͤrchtet. Pſalmus 128. à 14. Capella se=

1678 2090 327 55 cunda à 4.

306 2131 1304 76 24. Dancket dem HErren. Pſalmus 136. Mit Trommeten.

840 2218 126 52 à 13.

303 2263 1333 77 25. Zion ſpricht/ der HErr hat mich verlaſſen. Concert à 12. Capel. ab 8.

303 2334 1372 77 26. Jauchtzet dem Herren. Concert à 12. Mit einem Ripieno Capella à 5.

469 2401 1123 82 deß 117. Pſalms: Lobet den HErrn alle Heyden..

819 2593 553 105 IL FINE.
