2376 3648
490 185 1666 89 nicht vbel ſchicken / wann der hoͤhere Chor mit Zincken / Geigen / der nidrige mit

490 245 1669 90 Poſaunen oder andern Inſtrumenten gemacht / vnnd auff jedem Chor eine

490 305 782 72 Stimme darneben geſungen wirdt.

549 364 1610 84 6. Weil ich auch gegenwertige meine Pſalmen in ſtylo recitativo, (welcher

492 418 1667 85 biß Dato in Teutſchland faſt vnbekandt) geſtellet / wie ſich dann zu compoſi-

493 479 1666 86 tion der Pſalmen / meines erachtens faſt keine beſſere art ſchicket / dann daß

490 544 1669 72 man wegen menge der Wort ohne vielfaͤltige repetitiones immer fort recitire,

491 595 1668 82 als gelanget an die jenigen / welche dieſes modi keine Wiſſenſchafft haben / mein

490 652 1669 82 freundlich bitten / ſie wollen in Anſtellung beruͤhrter meiner Pſalmen ſich im

490 709 1669 80 Tact ja nicht vbereylen / ſondern der geſtalt das mittel halten / damit die Wort

490 770 1669 82 von den Saͤngern verſtaͤndlich recitirt vnd vernommen werden moͤgen. Im

490 826 1669 80 widrigen fall wird eine ſehr vnangeneme Harmoney vnd anders nicht als eine

490 887 1669 82 Battaglia di Moſche, oder Fliegenkrieg darauß entſtehen / der intention deß Au⸗

490 944 344 61 thoris zu wider.

539 1003 1620 78 7. Der baſſo continovo iſt eigentlich nur fuͤͤr die Pſalmen gemeinet / von

490 1056 1669 87 der Motet an: Iſt nicht Ephraim / biß zum Beſchluß deß operis werden ſich

490 1113 1669 85 fleiſſige Organiſten mit abſetzen in die Partitur zu bemuͤhen / wie dann auch ſon⸗

490 1175 1669 85 ſten (wofern mehr als eine Orgel gebraucht werden ſoll) durch die Pſalmen die

490 1229 653 71 Baͤſſe herauß zu ziehen wiſſen.

583 1291 1576 78 Welches ich alſo gutmeinenden Muſicis zur Nachrichtung geben / vnnd

490 1346 1669 81 mich denenſelben mit dieſer meiner geringen Arbeit / biß hiernechſt mit Gottes

490 1403 1669 87 Huͤlff etwas beſſers folget / ſchließlichen zu angenemen Dienſten befehlen wollen.

1590 1532 554 108 Henrich Schuͤtz.
