2376 3648
1056 277 253 75 Index.

1667 369 212 70 Pſalmus

620 431 715 77 [1. Der He]rr sprach zu meinem Herren. 110. Capella à 5.

447 499 674 69 [2.] Warumb toben die Heyden. 2. Capella ab 8.

437 559 1054 79 [3.] Ach Herr ſtraff mich nicht in deinem Zorn. 6.

435 627 856 75 4. Aus der tieffe ruff ich Herr zu dir. 130.

437 692 911 75 5. Ich frew mich des das mir geredt iſt. 8. Capella ab 8.

433 759 1153 73 6. Herr vnſer Herrſcher wie herrlich iſt dein Nam. 8. Capella à 5.

435 823 924 82 7. Wol dem der nicht wandelt im Rath. 1.

433 891 857 73 8. Wie lieblich ſind deine Wohnunge. 84.

433 956 824 69 9. Wol dem der den Herren fuͤrchtet. 128.

433 1021 1091 78 10. Ich hebe meine Augen auff zu den Bergen. 121.

431 1090 1064 75 11. Dancket dem Herren denn er iſt freundlich. 136. Capella ab 8.

430 1150 598 79 12. Der Herr iſt mein Hirt. 23.

430 1220 1058 80 13. Ich dancke dem Herrn von gantzem hertzen. 111. Capella ab 8.

430 1288 866 70 14. Singet dem Herrn ein newes Lied. 98.

431 1353 1009 71 15. Jauchtzet dem Herren alle Welt. Eccho. 100.

430 1419 929 73 16. An den Waſſern zu Babel ſaſſen wir. 137.

430 1485 1204 78 17. Alleluia. Lobet den Herrn in ſeinem Heiligthumb. 150. Capella ab 8.

430 1550 1199 70 18. Lobe den Herren meine Seele. Concert ab 8. in die

429 1683 1281 78 19. Iſt nicht Ephraim mein thewrer Sohn. Moteto ab 8. Capella ab 8.

910 1822 295 59 Canzon ab 8.

430 1883 969 69 21. Die mit Thraͤnen Saͤen. Moteto à 10.

430 1947 1368 78 22. Nicht vns Herr nicht vns / ſondern. Pſalmus 115. à. 12.

430 2015 1315 79 23. Wol dem der den Herren fuͤrchtet. Pſalmus 128. à 14. Capella Se=

798 1620 406 63 Orgel zu ſingen.

428 1759 1270 54 20. Nun lob mein Seel den Herren. Imitation des Chorals Capella ab 10.

1907 2103 218 66 cunda à 4.

424 2146 1270 77 24. Dancket dem Herren. Pſalmus 136. Mit Tromme⸗ Capella Se=

909 2220 254 59 ten à 13. cunda à 4..

424 2279 1324 73 25. Zion ſpricht / der Herr hat mich verlaſſen. Concert à 12. Capella ab 8.

424 2346 1324 81 26. Jauchtzet dem Herren. Concert à 12. Mit einem Ripieno Capella à 5.

551 2411 1189 83 des 117. Pſalms: Lobet den Herrn alle Heyden.

888 2542 462 93 FINIS.
